@book{spivak,
  author = {Spivak, Michael},
  title = {Calculus},
  edition = {3},
  date = {1994},
  publisher = {Cambridge University Press},
}
@article{hardyramanujan,
  author = {Hardy, G. H. and Ramanujan, S.},
  title = {Asymptotic Formulae in Combinatory Analysis},
  year = {1918},
  journal = {Proceedings of the London Mathematical Society},
  number = {1},
  pages = {75-115},
}
